@misc{ogbsite,
      title={Open Graph Benchmark},
      howpublished={\url{https://ogb.stanford.edu/}},
      author = {Hu, Weihua and Fey, Matthias and Zitnik, Marinka and Dong, Yuxiao and Ren, Hongyu and Liu, Bowen and Catasta, Michele and Leskovec, Jure},
      year={2020}
}
@misc{hu2020ogb,
  doi = {10.48550/ARXIV.2005.00687},
  
  url = {https://arxiv.org/abs/2005.00687},
  
  author = {Hu, Weihua and Fey, Matthias and Zitnik, Marinka and Dong, Yuxiao and Ren, Hongyu and Liu, Bowen and Catasta, Michele and Leskovec, Jure},
  
  keywords = {Machine Learning (cs.LG), Social and Information Networks (cs.SI), Machine Learning (stat.ML), FOS: Computer and information sciences, FOS: Computer and information sciences},
  
  title = {Open Graph Benchmark: Datasets for Machine Learning on Graphs},
  
  publisher = {arXiv},
  
  year = {2020},
  
  copyright = {arXiv.org perpetual, non-exclusive license}
}
@misc{fey2019pyg,
  doi = {10.48550/ARXIV.1903.02428},
  
  url = {https://arxiv.org/abs/1903.02428},
  
  author = {Fey, Matthias and Lenssen, Jan Eric},
  
  keywords = {Machine Learning (cs.LG), Machine Learning (stat.ML), FOS: Computer and information sciences, FOS: Computer and information sciences},
  
  title = {Fast Graph Representation Learning with PyTorch Geometric},
  
  publisher = {arXiv},
  
  year = {2019},
  
  copyright = {arXiv.org perpetual, non-exclusive license}
}
@article{kipf2016gcn,
  author    = {Thomas N. Kipf and
               Max Welling},
  title     = {Semi-Supervised Classification with Graph Convolutional Networks},
  journal   = {CoRR},
  volume    = {abs/1609.02907},
  year      = {2016},
  url       = {http://arxiv.org/abs/1609.02907},
  eprinttype = {arXiv},
  eprint    = {1609.02907},
  timestamp = {Mon, 13 Aug 2018 16:48:31 +0200},
  biburl    = {https://dblp.org/rec/journals/corr/KipfW16.bib},
  bibsource = {dblp computer science bibliography, https://dblp.org}
}
@article{xu2018gin,
  author    = {Keyulu Xu and
               Weihua Hu and
               Jure Leskovec and
               Stefanie Jegelka},
  title     = {How Powerful are Graph Neural Networks?},
  journal   = {CoRR},
  volume    = {abs/1810.00826},
  year      = {2018},
  url       = {http://arxiv.org/abs/1810.00826},
  eprinttype = {arXiv},
  eprint    = {1810.00826},
  timestamp = {Tue, 30 Oct 2018 10:49:09 +0100},
  biburl    = {https://dblp.org/rec/journals/corr/abs-1810-00826.bib},
  bibsource = {dblp computer science bibliography, https://dblp.org}
}
@article{hu2019gine,
  author    = {Weihua Hu and
               Bowen Liu and
               Joseph Gomes and
               Marinka Zitnik and
               Percy Liang and
               Vijay S. Pande and
               Jure Leskovec},
  title     = {Pre-training Graph Neural Networks},
  journal   = {CoRR},
  volume    = {abs/1905.12265},
  year      = {2019},
  url       = {http://arxiv.org/abs/1905.12265},
  eprinttype = {arXiv},
  eprint    = {1905.12265},
  timestamp = {Mon, 03 Jun 2019 13:42:33 +0200},
  biburl    = {https://dblp.org/rec/journals/corr/abs-1905-12265.bib},
  bibsource = {dblp computer science bibliography, https://dblp.org}
}
@article{hamilton2017sage,
  author    = {William L. Hamilton and
               Rex Ying and
               Jure Leskovec},
  title     = {Inductive Representation Learning on Large Graphs},
  journal   = {CoRR},
  volume    = {abs/1706.02216},
  year      = {2017},
  url       = {http://arxiv.org/abs/1706.02216},
  eprinttype = {arXiv},
  eprint    = {1706.02216},
  timestamp = {Mon, 13 Aug 2018 16:46:12 +0200},
  biburl    = {https://dblp.org/rec/journals/corr/HamiltonYL17.bib},
  bibsource = {dblp computer science bibliography, https://dblp.org}
}
@inproceedings{bruna2014spectralcnn,
  author    = {Joan Bruna and
               Wojciech Zaremba and
               Arthur Szlam and
               Yann LeCun},
  editor    = {Yoshua Bengio and
               Yann LeCun},
  title     = {Spectral Networks and Locally Connected Networks on Graphs},
  booktitle = {2nd International Conference on Learning Representations, {ICLR} 2014,
               Banff, AB, Canada, April 14-16, 2014, Conference Track Proceedings},
  year      = {2014},
  url       = {http://arxiv.org/abs/1312.6203},
  timestamp = {Thu, 04 Apr 2019 13:20:07 +0200},
  biburl    = {https://dblp.org/rec/journals/corr/BrunaZSL13.bib},
  bibsource = {dblp computer science bibliography, https://dblp.org}
}
@inproceedings{weisfeiler1968wl,
  title={A reduction of a graph to a canonical form and an algebra arising during this reduction},
  author={Boris Weisfeiler, AA Lehman},
  booktitle={Nauchno-Technicheskaya Informatsia},
  year={1968}
}
@misc{velickovic2017gat,
  doi = {10.48550/ARXIV.1710.10903},
  
  url = {https://arxiv.org/abs/1710.10903},
  
  author = {Veličković, Petar and Cucurull, Guillem and Casanova, Arantxa and Romero, Adriana and Liò, Pietro and Bengio, Yoshua},
  
  keywords = {Machine Learning (stat.ML), Artificial Intelligence (cs.AI), Machine Learning (cs.LG), Social and Information Networks (cs.SI), FOS: Computer and information sciences, FOS: Computer and information sciences},
  
  title = {Graph Attention Networks},
  
  publisher = {arXiv},
  
  year = {2017},
  
  copyright = {arXiv.org perpetual, non-exclusive license}
}
@misc{brody2021gatv2,
  doi = {10.48550/ARXIV.2105.14491},
  
  url = {https://arxiv.org/abs/2105.14491},
  
  author = {Brody, Shaked and Alon, Uri and Yahav, Eran},
  
  keywords = {Machine Learning (cs.LG), FOS: Computer and information sciences, FOS: Computer and information sciences},
  
  title = {How Attentive are Graph Attention Networks?},
  
  publisher = {arXiv},
  
  year = {2021},
  
  copyright = {arXiv.org perpetual, non-exclusive license}
}
@article{li2019attnaggr,
  author    = {Yujia Li and
               Chenjie Gu and
               Thomas Dullien and
               Oriol Vinyals and
               Pushmeet Kohli},
  title     = {Graph Matching Networks for Learning the Similarity of Graph Structured
               Objects},
  journal   = {CoRR},
  volume    = {abs/1904.12787},
  year      = {2019},
  url       = {http://arxiv.org/abs/1904.12787},
  eprinttype = {arXiv},
  eprint    = {1904.12787},
  timestamp = {Thu, 02 May 2019 15:13:44 +0200},
  biburl    = {https://dblp.org/rec/journals/corr/abs-1904-12787.bib},
  bibsource = {dblp computer science bibliography, https://dblp.org}
}
@article{ying2018diffpool,
  author    = {Rex Ying and
               Jiaxuan You and
               Christopher Morris and
               Xiang Ren and
               William L. Hamilton and
               Jure Leskovec},
  title     = {Hierarchical Graph Representation Learning with Differentiable Pooling},
  journal   = {CoRR},
  volume    = {abs/1806.08804},
  year      = {2018},
  url       = {http://arxiv.org/abs/1806.08804},
  eprinttype = {arXiv},
  eprint    = {1806.08804},
  timestamp = {Wed, 11 Aug 2021 19:23:01 +0200},
  biburl    = {https://dblp.org/rec/journals/corr/abs-1806-08804.bib},
  bibsource = {dblp computer science bibliography, https://dblp.org}
}
@article{ioffe2015batchnorm,
  author    = {Sergey Ioffe and
               Christian Szegedy},
  title     = {Batch Normalization: Accelerating Deep Network Training by Reducing
               Internal Covariate Shift},
  journal   = {CoRR},
  volume    = {abs/1502.03167},
  year      = {2015},
  url       = {http://arxiv.org/abs/1502.03167},
  eprinttype = {arXiv},
  eprint    = {1502.03167},
  timestamp = {Mon, 13 Aug 2018 16:47:06 +0200},
  biburl    = {https://dblp.org/rec/journals/corr/IoffeS15.bib},
  bibsource = {dblp computer science bibliography, https://dblp.org}
}
@misc{he2015resnet,
  doi = {10.48550/ARXIV.1512.03385},
  
  url = {https://arxiv.org/abs/1512.03385},
  
  author = {He, Kaiming and Zhang, Xiangyu and Ren, Shaoqing and Sun, Jian},
  
  keywords = {Computer Vision and Pattern Recognition (cs.CV), FOS: Computer and information sciences, FOS: Computer and information sciences},
  
  title = {Deep Residual Learning for Image Recognition},
  
  publisher = {arXiv},
  
  year = {2015},
  
  copyright = {arXiv.org perpetual, non-exclusive license}
}
@misc{tailor2021egc,
  doi = {10.48550/ARXIV.2104.01481},
  
  url = {https://arxiv.org/abs/2104.01481},
  
  author = {Tailor, Shyam A. and Opolka, Felix L. and Liò, Pietro and Lane, Nicholas D.},
  
  keywords = {Machine Learning (cs.LG), FOS: Computer and information sciences, FOS: Computer and information sciences},
  
  title = {Do We Need Anisotropic Graph Neural Networks?},
  
  publisher = {arXiv},
  
  year = {2021},
  
  copyright = {Creative Commons Attribution Non Commercial Share Alike 4.0 International}
}
@misc{gilmer2017mpnn,
  doi = {10.48550/ARXIV.1704.01212},
  
  url = {https://arxiv.org/abs/1704.01212},
  
  author = {Gilmer, Justin and Schoenholz, Samuel S. and Riley, Patrick F. and Vinyals, Oriol and Dahl, George E.},
  
  keywords = {Machine Learning (cs.LG), FOS: Computer and information sciences, FOS: Computer and information sciences, I.2.6},
  
  title = {Neural Message Passing for Quantum Chemistry},
  
  publisher = {arXiv},
  
  year = {2017},
  
  copyright = {arXiv.org perpetual, non-exclusive license}
}
@article{ying2021graphormer,
  doi = {10.48550/ARXIV.2106.05234},
  
  url = {https://arxiv.org/abs/2106.05234},
  
  author = {Ying, Chengxuan and Cai, Tianle and Luo, Shengjie and Zheng, Shuxin and Ke, Guolin and He, Di and Shen, Yanming and Liu, Tie-Yan},
  
  keywords = {Machine Learning (cs.LG), Artificial Intelligence (cs.AI), FOS: Computer and information sciences, FOS: Computer and information sciences},
  
  title = {Do Transformers Really Perform Bad for Graph Representation?},

  journal   = {CoRR},
  volume    = {abs/2106.05234},
  
  publisher = {arXiv},
  
  year = {2021},
  
  copyright = {Creative Commons Attribution Share Alike 4.0 International}
}
@misc{vaswani2017transformer,
  doi = {10.48550/ARXIV.1706.03762},
  
  url = {https://arxiv.org/abs/1706.03762},
  
  author = {Vaswani, Ashish and Shazeer, Noam and Parmar, Niki and Uszkoreit, Jakob and Jones, Llion and Gomez, Aidan N. and Kaiser, Lukasz and Polosukhin, Illia},
  
  keywords = {Computation and Language (cs.CL), Machine Learning (cs.LG), FOS: Computer and information sciences, FOS: Computer and information sciences},
  
  title = {Attention Is All You Need},
  
  publisher = {arXiv},
  
  year = {2017},
  
  copyright = {arXiv.org perpetual, non-exclusive license}
}
@inproceedings{Wei2021pas,
	doi = {10.1145/3459637.3482285},
  
	url = {https://doi.org/10.1145/3459637.3482285},
  
	year = 2021,
	month = {oct},
  
	publisher = {{ACM}
},
  
	author = {Lanning Wei and Huan Zhao and Quanming Yao and Zhiqiang He},
  
	title = {Pooling Architecture Search for Graph Classification},
  
	booktitle = {Proceedings of the 30th {ACM} International Conference on Information \& Knowledge Management}
}
